@phdthesis{Humpohl2014,
    title = {{A multithreaded data acquisition dll}},
    year = {2014},
    author = {Humpohl, Simon Sebastian},
    number = {July},
    school = {RWTH Aachen}
}

@article{Clerc,
    title = {{Analytical model for quantum well to quantum dot tunneling}},
    journal = {Electrical Performance of Electrical Packaging (IEEE Cat. No. 03TH8710)},
    author = {Clerc, R. and Ghibaudo, G. and Pananakakis, G.},
    pages = {461--464},
    isbn = {0-7803-7999-3},
    doi = {10.1109/ESSDERC.2003.1256913}
}

@article{Dial2013,
    title = {{Charge noise spectroscopy using coherent exchange oscillations in a singlet-triplet qubit}},
    year = {2013},
    journal = {Physical Review Letters},
    author = {Dial, O. E. and Shulman, M. D. and Harvey, S. P. and Bluhm, H. and Umansky, Vladimir and Yacoby, A.},
    number = {14},
    pages = {1--5},
    volume = {110},
    isbn = {0031-9007{\textbackslash}n1079-7114},
    doi = {10.1103/PhysRevLett.110.146804},
    issn = {00319007},
    arxivId = {arXiv:1208.2023v1}
}

@article{VanWeperen2011,
    title = {{Charge-state conditional operation of a spin qubit}},
    year = {2011},
    journal = {Physical Review Letters},
    author = {Van Weperen, I. and Armstrong, B. D. and Laird, E. A. and Medford, J. and Marcus, C. M. and Hanson, M. P. and Gossard, A. C.},
    number = {3},
    pages = {1--4},
    volume = {107},
    isbn = {1079-7114 (Electronic){\textbackslash}r0031-9007 (Linking)},
    doi = {10.1103/PhysRevLett.107.030506},
    issn = {00319007},
    pmid = {21838342},
    arxivId = {1101.5654}
}

@article{Petta2005,
    title = {{Coherent manipulation of coupled electron spins in semiconductor quantum dots.}},
    year = {2005},
    journal = {Science (New York, N.Y.)},
    author = {Petta, J. R. and Johnson, A. C. and Taylor, J. M. and Laird, E. A. and Yacoby, A. and Lukin, M. D. and Marcus, C M and Hanson, M P and Gossard, a C},
    number = {5744},
    pages = {2180--2184},
    volume = {309},
    isbn = {0036-8075},
    doi = {10.1126/science.1116955},
    issn = {1095-9203},
    pmid = {16141370}
}

@article{Baart2016a,
    title = {{Coherent spin-exchange via a quantum mediator}},
    year = {2016},
    journal = {Nature Nanotechnology},
    author = {Baart, T.A. and Fujita, T. and Reichl, C. and Wegscheider, W. and Vandersypen, L. M. K.},
    number = {October},
    pages = {1--23},
    publisher = {Nature Publishing Group},
    url = {http://arxiv.org/abs/1603.03433},
    isbn = {1748-3395 (Electronic) 1748-3387 (Linking)},
    doi = {10.1038/nnano.2016.188},
    issn = {1748-3387},
    pmid = {27723732},
    arxivId = {1603.03433}
}

@misc{Frees2014,
    title = {{Compressed optimization of device architectures}},
    year = {2014},
    author = {Frees, Adam and Gamble, John King and Ward, Daniel R and Eriksson, M a and Friesen, Mark and Coppersmith, S N},
    number = {September},
    pages = {1--8},
    arxivId = {1409.3846v1}
}

@article{Frees,
    title = {{Compressed optimization of device architectures}},
    author = {Frees, Adam and Gamble, John King and Ward, Daniel R and Eriksson, M a and Friesen, Mark and Coppersmith, S N},
    pages = {1--8},
    arxivId = {arXiv:1409.3846v1}
}

@misc{Wessel2011,
    title = {{Computational Physics}},
    year = {2011},
    author = {Wessel, Stefan},
    address = {Aachen}
}

@article{Baart2016,
    title = {{Computer-automated tuning of semiconductor double quantum dots into the single-electron regime}},
    year = {2016},
    journal = {Applied Physics Letters},
    author = {Baart, T. A. and Eendebak, P. T. and Reichl, C. and Wegscheider, W. and Vandersypen, L. M K},
    number = {21},
    pages = {1--4},
    volume = {108},
    url = {http://dx.doi.org/10.1063/1.4952624},
    doi = {10.1063/1.4952624},
    issn = {00036951},
    arxivId = {1603.02274}
}

@misc{comsolkit2015,
    title = {{comsolkit}},
    year = {2015},
    author = {Kammerloher, Eugen},
    url = {https://github.com/ekammerloher/comsolkit}
}

@article{Beaudoin2016,
    title = {{Coupling a single electron spin to a microwave resonator: Controlling transverse and longitudinal couplings}},
    year = {2016},
    journal = {arXiv},
    author = {Beaudoin, FÃ©lix and Lachance-Quirion, Dany and Coish, W. A. and Pioro-Ladri{\`{e}}re, Michel},
    number = {46},
    pages = {1--11},
    volume = {27},
    url = {http://arxiv.org/abs/1606.04736},
    doi = {10.1088/0957-4484/27/46/464003},
    issn = {0957-4484},
    arxivId = {1606.04736},
    keywords = {charge noise, circuit quantum electrodynamics, spin qubits}
}

@article{Shulman2012a,
    title = {{Demonstration of Entanglement of Electrostatically Coupled Single-Triplet Qubits}},
    year = {2012},
    journal = {Science},
    author = {Shulman, Michael D and Dial, Oliver E and Harvey, Shannon P and Bluhm, Hendrik and Umansky, Vladimir and Yacoby, Amir},
    number = {6078},
    pages = {202--205},
    volume = {336},
    isbn = {1095-9203 (Electronic){\textbackslash}n0036-8075 (Linking)},
    doi = {10.1126/science.1217692},
    issn = {0036-8075},
    pmid = {22499942},
    arxivId = {arXiv:1202.1828v1},
    keywords = {bluhm, dial, harvey, shulman, umansky, yacobi}
}

@article{Shulman2012,
    title = {{Demonstration of Entanglement of Electrostatically Coupled Singlet-Triplet Qubits}},
    year = {2012},
    journal = {Science},
    author = {Shulman, M. D. and Dial, O. E. and Harvey, S. P. and Bluhm, H. and Umansky, V. and Yacoby, a.},
    number = {6078},
    pages = {202--205},
    volume = {336},
    isbn = {1095-9203 (Electronic){\textbackslash}n0036-8075 (Linking)},
    doi = {10.1126/science.1217692},
    issn = {0036-8075},
    pmid = {22499942},
    arxivId = {1202.1828}
}

@article{Bluhm2011,
    title = {{Dephasing time of GaAs electron-spin qubits coupled to a nuclear bath exceeding 200{$\mu$}s}},
    year = {2011},
    journal = {Nat Phys},
    author = {Bluhm, Hendrik and Foletti, Sandra and Neder, Izhar and Rudner, Mark and Mahalu, Diana and Umansky, Vladimir and Yacoby, Amir},
    number = {2},
    pages = {109--113},
    volume = {7},
    publisher = {Nature Publishing Group},
    url = {http://dx.doi.org/10.1038/nphys1856%5Cnhttp://www.nature.com/nphys/journal/v7/n2/abs/nphys1856.html#supplementary-information%5Cnhttp://arxiv.org/abs/1005.2995},
    isbn = {1745-2473},
    doi = {10.1038/nphys1856},
    issn = {1745-2473},
    arxivId = {1005.2995}
}

@article{Colless2013,
    title = {{Dispersive readout of a few-electron double quantum dot with fast rf gate sensors}},
    year = {2013},
    journal = {Physical Review Letters},
    author = {Colless, J. I. and Mahoney, A. C. and Hornibrook, J. M. and Doherty, A. C. and Lu, H. and Gossard, A. C. and Reilly, D. J.},
    number = {4},
    pages = {1--5},
    volume = {110},
    isbn = {0031-9007},
    doi = {10.1103/PhysRevLett.110.046805},
    issn = {00319007},
    pmid = {25166190},
    arxivId = {1210.4645}
}

@article{Rossi2016,
    title = {{Dispersive readout of a silicon quantum dot with accumulation-mode gate sensor}},
    year = {2016},
    author = {Rossi, A. and Zhao, R. and Dzurak, A. S. and Gonzalez-Zalba, M. F.},
    number = {c},
    pages = {1--6},
    volume = {1},
    url = {http://arxiv.org/abs/1610.00767},
    arxivId = {1610.00767}
}

@article{Gullans2010,
    title = {{Dynamic nuclear polarization in double quantum dots}},
    year = {2010},
    journal = {Physical Review Letters},
    author = {Gullans, M. and Krich, J. J. and Taylor, J. M. and Bluhm, H. and Halperin, B. I. and Marcus, C. M. and Stopa, M. and Yacoby, A. and Lukin, M. D.},
    number = {22},
    pages = {27--30},
    volume = {104},
    isbn = {0031-9007},
    doi = {10.1103/PhysRevLett.104.226807},
    issn = {00319007},
    pmid = {20867197},
    arxivId = {1003.4508}
}

@article{Skawran2013b,
    title = {{Effects of disorder on quantum dot qubits}},
    year = {2013},
    author = {Skawran, Alexander},
    number = {December}
}

@article{Studenikin2012,
    title = {{Enhanced charge detection of spin qubit readout via an intermediate state}},
    year = {2012},
    journal = {Applied Physics Letters},
    author = {Studenikin, S. A. and Thorgrimson, J. and Aers, G. C. and Kam, A. and Zawadzki, P. and Wasilewski, Z. R. and Bogan, A. and Sachrajda, A. S.},
    number = {23},
    pages = {1--3},
    volume = {101},
    doi = {10.1063/1.4749281},
    issn = {00036951},
    arxivId = {1206.0778}
}

@article{Li2009,
    title = {{Exchange coupling in silicon quantum dots: Theoretical considerations for quantum computation}},
    year = {2009},
    author = {Li, Qiuzi and Cywinski, Lukasz and Culcer, Dimitrie and Hu, Xuedong and Sarma, S. Das},
    pages = {18},
    isbn = {1098-0121 1550-235X},
    doi = {10.1103/PhysRevB.81.085313},
    issn = {10980121},
    arxivId = {0906.4793}
}

@article{Klemt2015,
    title = {{Fabrication and characterization of a Si-interposer chip for Qubit experiments}},
    year = {2015},
    author = {Klemt, Berhnhard}
}

@article{Barthel2010,
    title = {{Fast sensing of double-dot charge arrangement and spin state with a radio-frequency sensor quantum dot}},
    year = {2010},
    journal = {Physical Review B - Condensed Matter and Materials Physics},
    author = {Barthel, C. and Kj{\ae}rgaard, M. and Medford, J. and Stopa, M. and Marcus, C. M. and Hanson, M. P. and Gossard, A. C.},
    number = {16},
    pages = {3--6},
    volume = {81},
    doi = {10.1103/PhysRevB.81.161308},
    issn = {10980121},
    arxivId = {1001.3585}
}

@article{Reilly2007,
    title = {{Fast single-charge sensing with a rf quantum point contact}},
    year = {2007},
    journal = {Applied Physics Letters},
    author = {Reilly, D. J. and Marcus, C. M. and Hanson, M. P. and Gossard, A. C.},
    number = {16},
    pages = {1--4},
    volume = {91},
    isbn = {0003-6951},
    doi = {10.1063/1.2794995},
    issn = {00036951},
    arxivId = {0707.2946}
}

@article{Taylor2005,
    title = {{Fault-tolerant architecture for quantum computation using electrically controlled semiconductor spins}},
    year = {2005},
    journal = {Nature Physics},
    author = {Taylor, J.M. and Engel, H.-A. and D{\"{u}}r, W. and Yacoby, A. and Marcus, C.M. and Zoller, P. and Lukin, M.D.},
    number = {3},
    pages = {177--183},
    volume = {1},
    url = {http://www.nature.com/nphys/journal/v1/n3/pdf/nphys174.pdf%5Cnhttp://www.nature.com/nphys/journal/v1/n3/pdf/nphys174.pdf},
    isbn = {1745-2473},
    doi = {10.1038/nphys174},
    issn = {1476-0000}
}

@article{Botzem2016,
    title = {{Feedback-tuned high fidelity gate operations , anisotropy effects on decoherence and electric dipole spin resonance in two-electron spin qubits in GaAs}},
    year = {2016},
    author = {Botzem, Tim}
}

@misc{fitsuite2014,
    title = {{fit{\_}suite}},
    year = {2014},
    author = {Cerfontaine, Pascal and Bethke, Patrick},
    url = {//janeway.institut2b.physik.rwth-aachen.de/User Ag Bluhm/Common/GaAs/Code/+util/fit_suite.m}
}

@article{Hornibrook2014,
    title = {{Frequency multiplexing for readout of spin qubits}},
    year = {2014},
    journal = {Applied Physics Letters},
    author = {Hornibrook, J. M. and Colless, J. I. and Mahoney, A. C. and Croot, X. G. and Blanvillain, S. and Lu, H. and Gossard, A. C. and Reilly, D. J.},
    number = {10},
    pages = {1--5},
    volume = {104},
    doi = {10.1063/1.4868107},
    issn = {00036951},
    arxivId = {1312.5064}
}

@article{Delbecq2014,
    title = {{Full control of quadruple quantum dot circuit charge states in the single electron regime}},
    year = {2014},
    journal = {Applied Physics Letters},
    author = {Delbecq, M. R. and Nakajima, T. and Otsuka, T. and Amaha, S. and Watson, J. D. and Manfra, M. J. and Tarucha, S.},
    number = {18},
    pages = {1--4},
    volume = {104},
    isbn = {0003-6951},
    doi = {10.1063/1.4875909},
    issn = {00036951},
    pmid = {24553652},
    arxivId = {1404.6047}
}

@phdthesis{Adams2014,
    title = {{Gate Layout Optimization for Silicon Quantum Bits}},
    year = {2014},
    author = {Adams, Martin},
    number = {September},
    pages = {46},
    school = {RWTH Aachen},
    address = {Aachen}
}

@article{Feynman1957,
    title = {{Geometrical Representation of the Schroedinger Equation for Solving Maser Problems}},
    year = {1957},
    journal = {Journal of Applied Physics},
    author = {Feynman, Richard P. and Vernon, Frank L. and Hellwarth, Robert W.},
    number = {1},
    pages = {49--52},
    volume = {28},
    doi = {10.1063/1.1722572},
    issn = {00218979}
}

@article{Nichol2016,
    title = {{High-fidelity entangling gate for double-quantum-dot spin qubits}},
    year = {2016},
    journal = {In press at npj Quantum Information},
    author = {Nichol, J. M. and Orona, Lucas A. and Harvey, Shannon P. and Fallahi, Saeed and Gardner, Geoffrey C. and Manfra, Michael J. and Yacoby, A.},
    number = {August 2016},
    pages = {arXiv: 1608.04258},
    publisher = {Springer US},
    url = {http://arxiv.org/abs/1608.04258},
    isbn = {1748-3387},
    doi = {10.1038/s41534-016-0003-1},
    issn = {2056-6387},
    pmid = {25092298},
    arxivId = {1608.04258}
}

@phdthesis{Cerfontaine2013,
    title = {{High-Fidelity Qubit Gates for Two-Electron Spin Qubits}},
    year = {2013},
    author = {Cerfontaine, Pascal},
    number = {September},
    school = {RWTH Aachen}
}

@article{Cerfontaine2014,
    title = {{High-Fidelity Single-Qubit Gates for Two-Electron Spin Qubits in GaAs}},
    year = {2014},
    journal = {Physical Review Letters},
    author = {Cerfontaine, Pascal and Botzem, Tim and DiVincenzo, David P. and Bluhm, H.},
    number = {15},
    pages = {1--5},
    volume = {113},
    isbn = {0031-9007},
    doi = {to be submitted},
    issn = {0031-9007},
    arxivId = {arXiv:1404.1712v1}
}

@article{HNF,
    title = {{HNF - Helmholtz Nano Facility}},
    year = {2017},
    journal = {Journal of large-scale research facilities JLSRF},
    author = {Albrecht, Wolfgang and Moers, Juergen and Hermanns, Bernd},
    pages = {A112},
    volume = {3},
    url = {https://jlsrf.org/index.php/lsf/article/view/158},
    doi = {10.17815/jlsrf-3-158},
    issn = {2364-091X}
}

@article{If,
    title = {{Inhomogeneous PDE}},
    author = {If, E and Green, O D E},
    pages = {1--5}
}

@book{GerryChristopherC.LehmanCollege2005,
    title = {{Introductery Quantum Optics}},
    year = {2005},
    author = {Gerry, Christopher C. (Lehman College, City University of New York and {Peter)} and Knight, Peter L. (Imperial College London and UK National Physical Laboratory)},
    publisher = {cambridge Univers},
    address = {Cambridge},
    isbn = {9780521820356}
}

@book{cormen2001,
    title = {{Introduction To Algorithms}},
    year = {2001},
    author = {Cormen, T H and Leiserson, C E and Rivest, R L and Stein, C},
    pages = {595--601},
    publisher = {MIT Press},
    isbn = {9780262032933}
}

@misc{Bluhm2015,
    title = {{Introduction to Quantum Information, Qubits and Decoherence}},
    year = {2015},
    author = {Bluhm, H.},
    institution = {RWTH Aachen},
    address = {Aachen}
}

@book{griffiths2013,
    title = {{Introduction to Quantum Mechanics}},
    year = {2013},
    author = {Griffiths, D. J.},
    edition = {2},
    series = {Pearson Custom Library},
    publisher = {Pearson},
    isbn = {9781292024080}
}

@article{Griffiths2005,
    title = {{Introduction to Quantum Mechanics, Solutions Manual}},
    year = {2005},
    journal = {Quantum},
    author = {Griffiths, David},
    pages = {303},
    isbn = {0131118927},
    pmid = {6183177}
}

@article{Eng2015,
    title = {{Isotopically enhanced triple-quantum-dot qubit}},
    year = {2015},
    journal = {Science Adv.},
    author = {Eng, K. and Ladd, T. D. and Smith, A. and Borselli, M. G. and Kiselev, A. A. and Fong, B. H. and Holabird, K. S. and Hazard, T. M. and Huang, B. and Deelman, P. W. and Milosavljevic, I. and Schmitz, A. E. and Ross, R. S. and Gyure, M. F. and Hunter, A. T.},
    number = {4},
    pages = {e1500214},
    volume = {1},
    url = {http://advances.sciencemag.org/content/1/4/e1500214-0.abstract%5Cnhttp://advances.sciencemag.org/cgi/doi/10.1126/sciadv.1500214},
    isbn = {10.1126/sciadv.1500214},
    doi = {10.1126/sciadv.1500214},
    issn = {2375-2548},
    pmid = {26601186}
}

@article{Crippa2017a,
    title = {{Level Spectrum and Charge Relaxation in a Silicon Double Quantum Dot Probed by Dual-Gate Reflectometry}},
    year = {2017},
    journal = {Nano Letters},
    author = {Crippa, Alessandro and Maurand, Romain and Kotekar-Patil, Dharmraj and Corna, Andrea and Bohuslavskyi, Heorhii and Orlov, Alexei O. and Fay, Patrick and Lavi{\'{e}}ville, Romain and Barraud, Sylvain and Vinet, Maud and Sanquer, Marc and De Franceschi, Silvano and Jehl, Xavier},
    pages = {acs.nanolett.6b04354},
    url = {http://pubs.acs.org/doi/abs/10.1021/acs.nanolett.6b04354},
    doi = {10.1021/acs.nanolett.6b04354},
    issn = {1530-6984}
}

@article{Crippa2017,
    title = {{Level Spectrum and Charge Relaxation in a Silicon Double Quantum Dot Probed by Dual-Gate Reflectometry}},
    year = {2017},
    journal = {Nano Letters},
    author = {Crippa, Alessandro and Maurand, Romain and Kotekar-Patil, Dharmraj and Corna, Andrea and Bohuslavskyi, Heorhii and Orlov, Alexei O. and Fay, Patrick and Lavi{\'{e}}ville, Romain and Barraud, Sylvain and Vinet, Maud and Sanquer, Marc and De Franceschi, Silvano and Jehl, Xavier},
    pages = {acs.nanolett.6b04354},
    url = {http://pubs.acs.org/doi/abs/10.1021/acs.nanolett.6b04354},
    doi = {10.1021/acs.nanolett.6b04354},
    issn = {1530-6984},
    keywords = {1 in, charge relaxation, dispersive readout, double quantum dot, for the readout of, high-frequency resonator, is one of the, necessary ingredients for the, ntegration of charge sensors, quantum bits, quantum computers, qubits, re fl ectometry, realization of scalable semiconductor, silicon}
}

@article{Crippa2016,
    title = {{Level spectrum and charge relaxation in a silicon double quantum dot probed by dual-gate reflectometry}},
    year = {2016},
    journal = {arXiv},
    author = {Crippa, Alessandro and Maurand, Romain and Kotekar-Patil, Dharmraj and Corna, Andrea and Bohuslavskyi, Heorhii and Orlov, Alexei O. and Fay, Patrick and Lavi{\'{e}}ville, Romain and Barraud, Silvain and Vinet, Maud and Sanquer, Marc and De Franceschi, Silvano and Jehl, Xavier},
    pages = {1--7},
    url = {http://arxiv.org/abs/1610.03657},
    doi = {10.1021/acs.nanolett.6b04354},
    arxivId = {1610.03657},
    keywords = {charge relaxation, dispersive readout, double, high-frequency res-, quantum dot, reflectometry}
}

@misc{linecuts2015,
    title = {{linecuts}},
    year = {2015},
    author = {Bethke, Patrick},
    url = {//janeway.institut2b.physik.rwth-aachen.de/User Ag Bluhm/Common/GaAs/Code/+util/linecuts.m}
}

@misc{Johnson2002,
    title = {{MATLAB Programming Style Guidelines}},
    year = {2002},
    author = {Johnson, Richard},
    number = {October},
    pages = {1--14},
    url = {http://www.ee.columbia.edu/~marios/matlab/MatlabStyle1p5.pdf}
}

@article{Shor1995,
    title = {{Polynomial-Time Algorithms for Prime Factorization and Discrete Logarithms on a Quantum Computer}},
    year = {1995},
    journal = {SIAM Journal on Scientific Computing},
    author = {Shor, Peter W.},
    number = {1484},
    pages = {28},
    volume = {26},
    isbn = {0097539795293},
    doi = {10.1137/S0097539795293172},
    issn = {0097-5397},
    arxivId = {quant-ph/9508027},
    keywords = {algorithmic number theory, church, discrete logarithms, foundations of quantum mechanics, prime factorization, quantum computers, s thesis, spin systems}
}

@book{Cohen2007,
    title = {{Quantenmechanik}},
    year = {2007},
    author = {Cohen-Tannoudji, C. and Diu, B. and Lalo{\"{e}}, F.},
    number = {1},
    series = {Quantenmechanik},
    publisher = {de Gruyter},
    isbn = {9783110193244}
}

@article{Loss1998,
    title = {{Quantum computation with quantum dots}},
    year = {1998},
    journal = {Physical Review A},
    author = {Loss, Daniel and DiVincenzo, David P.},
    number = {1},
    pages = {120--126},
    volume = {57},
    isbn = {1050-2947},
    doi = {10.1103/PhysRevA.57.120},
    issn = {1050-2947},
    arxivId = {cond-mat/9701055}
}

@book{landau2013quantum,
    title = {{Quantum Mechanics: A Shorter Course of Theoretical Physics}},
    year = {2013},
    author = {Landau, L. D. and Lifshitz, E. M.},
    series = {A shorter course of theoretical physics},
    publisher = {Elsevier Science},
    isbn = {9781483187228}
}

@article{Scarlino2015,
    title = {{Second harmonic coherent driving of a spin qubit in a Si/SiGe quantum dot}},
    year = {2015},
    author = {Scarlino, P. and Kawakami, E. and Ward, D. R. and Savage, D. E. and Lagally, M. G. and Coppersmith, S. N. and Eriksson, M. A. and Vandersypen, L. M. K.},
    pages = {1--9},
    arxivId = {arXiv:1504.06436v1}
}

@article{Rastelli2012,
    title = {{Semiclassical formula for quantum tunneling in asymmetric double-well potentials}},
    year = {2012},
    journal = {Physical Review A},
    author = {Rastelli, G.},
    number = {1},
    pages = {1--9},
    volume = {86},
    isbn = {1050-2947{\textbackslash}r1094-1622},
    doi = {10.1103/PhysRevA.86.012106},
    issn = {10502947},
    arxivId = {arXiv:1205.0366v3}
}

@article{Ihn2012,
    title = {{Semiconductor Nanostructures: Quantum States and Electronic Transport.}},
    year = {2012},
    journal = {Oxford University Press},
    author = {Ihn, T.},
    number = {1},
    volume = {1}
}

@article{Yang2014,
    title = {{Simulating the quantum critical behaviour in a driven Tavis-Cummings circuit}},
    year = {2014},
    journal = {Nature Communications},
    author = {Yang, W. L. and Zhong, Y. P. and Liu, T. and Twamley, J. and Wang, H. and Feng, M.},
    number = {May 2014},
    pages = {10},
    volume = {6},
    publisher = {Nature Publishing Group},
    url = {http://arxiv.org/abs/1406.1436},
    isbn = {2041-1723 (Electronic)2041-1723 (Linking)},
    doi = {10.1038/ncomms8111},
    issn = {2041-1723},
    pmid = {25971985},
    arxivId = {1406.1436}
}

@article{Meiners2012,
    title = {{Simulation of magnetic elds of a stripline for coherent single electron resonance by}},
    year = {2012},
    author = {Meiners, Thorsten and Science, Computer and Sciences, Natural}
}

@article{Takakura2014,
    title = {{Single to quadruple quantum dots with tunable tunnel couplings}},
    year = {2014},
    journal = {Applied Physics Letters},
    author = {Takakura, T. and Noiri, A. and Obata, T. and Otsuka, T. and Yoneda, J. and Yoshida, K. and Tarucha, S.},
    number = {11},
    volume = {104},
    isbn = {1731081731},
    doi = {10.1063/1.4869108},
    issn = {00036951},
    arxivId = {1401.2212}
}

@article{Scholze2000,
    title = {{Single-Electron Device Simulation}},
    year = {2000},
    journal = {IEEE Transactions on Electron Devices},
    author = {Scholze, Andreas and Schenk, A and Fichtner, Wolfgang},
    number = {10},
    pages = {1811--1818},
    volume = {47}
}

@article{Hanson2007,
    title = {{Spins in few-electron quantum dots}},
    year = {2007},
    journal = {Reviews of Modern Physics},
    author = {Hanson, R. and Kouwenhoven, L. P. and Petta, J. R. and Tarucha, S. and Vandersypen, L. M. K.},
    number = {4},
    pages = {1217--1265},
    volume = {79},
    isbn = {0034-6861},
    doi = {10.1103/RevModPhys.79.1217},
    issn = {00346861},
    pmid = {1915043},
    arxivId = {cond-mat/0610433}
}

@book{weinstock2012squid,
    title = {{SQUID Sensors: Fundamentals, Fabrication and Applications}},
    year = {2012},
    author = {Weinstock, H},
    series = {Nato Science Series E:},
    publisher = {Springer Netherlands},
    url = {https://books.google.de/books?id=LeHuCAAAQBAJ},
    isbn = {9789401156745}
}

@article{Bruhat2016,
    title = {{Strong coupling between an electron in a quantum dot circuit and a photon in a cavity}},
    year = {2016},
    journal = {arXiv},
    author = {Bruhat, L. E and Cubaynes, T. and Viennot, J. J. and Dartiailh, M. C. and Desjardins, M. M. and Cottet, A. and Kontos, T.},
    pages = {1--19},
    url = {http://arxiv.org/abs/1612.05214},
    arxivId = {1612.05214}
}

@article{Mi2016,
    title = {{Strong coupling of a single electron in silicon to a microwave photon}},
    year = {2016},
    journal = {Science},
    author = {Mi, X and Mi, X and Cady, J V and Zajac, D M and Deelman, P W and Petta, J R},
    volume = {2469},
    url = {http://science.sciencemag.org/content/early/2016/12/21/science.aal2469},
    isbn = {1095-9203 (Electronic)0036-8075 (Linking)},
    doi = {10.1126/science.aal2469},
    issn = {0036-8075},
    pmid = {28008085},
    arxivId = {1703.03047}
}

@article{Wallraff2004,
    title = {{Strong coupling of a single photon to a superconducting qubit using circuit quantum electrodynamics}},
    year = {2004},
    journal = {Nature},
    author = {Wallraff, A and Schuster, D I and Blais, A and Frunzio, L and Huang, R.- S and Majer, J and Kumar, S and Girvin, S M and Schoelkopf, R J},
    number = {7005},
    month = {9},
    pages = {162--167},
    volume = {431},
    url = {http://dx.doi.org/10.1038/nature02851},
    issn = {0028-0836}
}

@book{feynman1963feynman,
    title = {{The Feynman Lectures on Physics}},
    year = {1963},
    author = {Feynman, R P and Leighton, R B and Sands, M L},
    number = {Bd. 1},
    series = {The Feynman Lectures on Physics},
    publisher = {Addison-Wesley},
    isbn = {9780201021165}
}

@misc{Patterson2007,
    title = {{The Hubbard Model for Dummies}},
    year = {2007},
    author = {Patterson, Bruce}
}

@phdthesis{Arndt2015,
    title = {{Time-Scales of Charge Relaxation in a Superconducting Island via an Inductive Shunt}},
    year = {2015},
    author = {Arndt, Lisa},
    school = {RWTH Aachen}
}

@article{Botzem2016a,
    title = {{Tuning methods for semiconductor spin qubits}},
    year = {2016},
    author = {Botzem, Tim and Shulman, Michael D and Foletti, Sandra and Harvey, Shannon P and Dial, Oliver E and Umansky, Vladimir and Schuh, Dieter and Bougeard, Dominique and Yacoby, Amir and Bluhm, Hendrik},
    pages = {1--10}
}

@article{Garg2000,
    title = {{Tunnel splittings for one dimensional potential wells revisited}},
    year = {2000},
    journal = {American Journal of Physics},
    author = {Garg, Anupam},
    number = {430},
    pages = {430},
    volume = {68},
    isbn = {0002-9505},
    doi = {10.1119/1.19458},
    issn = {00029505},
    arxivId = {cond-mat/0003115}
}

@article{Song2008,
    title = {{Tunneling and energy splitting in an asymmetric double-well potential}},
    year = {2008},
    journal = {Annals of Physics},
    author = {Song, Dae Y.},
    number = {12},
    pages = {2991--2999},
    volume = {323},
    doi = {10.1016/j.aop.2008.09.004},
    issn = {00034916},
    arxivId = {0803.3113},
    keywords = {Double-well potential, Energy splitting, Quantum tunneling}
}

@article{Bardeen1961,
    title = {{Tunnelling from a many-particle point of view}},
    year = {1961},
    journal = {Physical Review Letters},
    author = {Bardeen, J.},
    number = {2},
    pages = {57--59},
    volume = {6},
    isbn = {0031-9007},
    doi = {10.1103/PhysRevLett.6.57},
    issn = {00319007}
}

@article{Foletti2010,
    title = {{Universal quantum control of two-electron spin quantum bits using dynamic nuclear polarization}},
    year = {2010},
    journal = {Nature Physics},
    author = {Foletti, Sandra and Bluhm, Hendrik and Mahalu, Diana and Umansky, Vladimir and Yacoby, Amir},
    number = {12},
    pages = {11},
    volume = {5},
    publisher = {Nature Publishing Group},
    url = {http://arxiv.org/abs/1009.5343},
    isbn = {1745-2473},
    doi = {10.1038/nphys1424},
    issn = {1745-2473},
    pmid = {273086700019},
    arxivId = {1009.5343}
}

@phdthesis{Platt2008,
    title = {{WKB Analysis of Tunnel Coupling in a Simple Model of a Double Quantum Dot by}},
    year = {2008},
    author = {Platt, Edward L},
    school = {University of Waterloo}
}

@article{Nielsen2008AOperation,
    title = {{A simple formula for the average gate fidelity of a quantum dynamical operation}},
    year = {2008},
    author = {Nielsen, Michael A},
    number = {4},
    pages = {1--3},
    arxivId = {arXiv:quant-ph/0205035v2},
    archivePrefix = {arXiv},
    eprint = {0205035v2},
    primaryClass = {quant-ph}
}

@article{Dobrovitski2010BootstrapControl,
    title = {{Bootstrap Tomography of the Pulses for Quantum Control}},
    year = {2010},
    journal = {PRL},
    author = {Dobrovitski, V.V. and de Lange, G. and Riste, D. and Hanson, R},
    number = {August},
    pages = {1--4},
    volume = {077601},
    doi = {10.1103/PhysRevLett.105.077601}
}

@article{AbChapterEntanglement,
    title = {{Chapter 4 Quantum Entanglement}},
    author = {Ab, A B}
}

@article{Li2012ControllableQubits,
    title = {{Controllable exchange coupling between two singlet-triplet qubits}},
    year = {2012},
    author = {Li, Rui and Hu, Xuedong and You, J Q},
    number = {1},
    pages = {1--9},
    arxivId = {arXiv:1206.3112v4}
}

@article{NlDepolarizingDimensions,
    title = {{Depolarizing behavior of quantum channels in higher dimensions}},
    author = {Nl, Canada},
    pages = {1--19},
    arxivId = {arXiv:1002.3455v2}
}

@article{Bluhm2010EnhancingBath,
    title = {{Enhancing the Coherence of a Spin Qubit by Operating it as a Feedback Loop That Controls its Nuclear Spin Bath}},
    year = {2010},
    author = {Bluhm, Hendrik and Foletti, Sandra and Mahalu, Diana and Umansky, Vladimir and Yacoby, Amir},
    number = {NOVEMBER},
    pages = {1--4},
    volume = {216803},
    doi = {10.1103/PhysRevLett.105.216803}
}

@article{Wardrop2014Exchange-basedQubits,
    title = {{Exchange-based two-qubit gate for singlet-triplet qubits}},
    year = {2014},
    author = {Wardrop, Matthew P and Doherty, Andrew C},
    arxivId = {arXiv:1405.5274v1}
}

@article{Lackey2016FidelityMetrics,
    title = {{Fidelity and other distance metrics}},
    year = {2016},
    author = {Lackey, Brad},
    number = {November},
    pages = {1--17}
}

@article{Preskill2015Lecture3,
    title = {{Lecture Notes for Ph219 / CS219 : Quantum Information Chapter 3}},
    year = {2015},
    author = {Preskill, John},
    number = {July}
}

@article{Cirac2017Nanotechnology:,
    title = {{Nanotechnology meets Quantum Information an Information and Registration : http://nanoqi.dipc.org/ Lectures by :}},
    year = {2017},
    author = {Cirac, Ignacio and Gross, Rudolf and Jelezko, Fedor and Lukin, Mikhail and Marquardt, Florian and Polzik, Eugene and Refael, Gil and Vandersypen, Lieven and Yelin, Susanne}
}

@article{Ting2008NoiseChannel,
    title = {{Noise effects for the Depolarizing Channel}},
    year = {2008},
    author = {Ting, Julian Juhi-lian},
    number = {1},
    pages = {1--5},
    arxivId = {arXiv:cond-mat/9906408v1},
    archivePrefix = {arXiv},
    eprint = {9906408v1},
    primaryClass = {cond-mat}
}

@article{MalinowskiNoiseQubits,
    title = {{Noise suppression and long-range exchange coupling for gallium arsenide spin qubits}},
    author = {Malinowski, Filip Kazimierz}
}

@article{Leditzky2017OnContents,
    title = {{On the quantum capacity of the qubit depolarizing channel Table of Contents}},
    year = {2017},
    author = {Leditzky, Felix},
    number = {May},
    arxivId = {arXiv:1705.04335}
}

@article{RenesQuantum8,
    title = {{Quantum Information Theory Solutions 8}},
    author = {Renes, M},
    pages = {1--5}
}

@article{Merkel2012Self-ConsistentTomography,
    title = {{Self-Consistent Quantum Process Tomography}},
    year = {2012},
    author = {Merkel, Seth T and Gambetta, Jay M and Smolin, John A and Poletto, S},
    pages = {1--10},
    arxivId = {arXiv:1211.0322v1}
}

@article{LossSpinArchitectures,
    title = {{Spin Qubits and Scalable 2D Architectures}},
    author = {Loss, Daniel and Dial, Oliver}
}

@article{Cerfontaine2017SupplementaryGaAs,
    title = {{Supplementary Material : High-Fidelity Single-Qubit Gates for Two-Electron Spin Qubits in GaAs}},
    year = {2017},
    author = {Cerfontaine, Pascal and Botzem, Tim and Divincenzo, David P and Bluhm, Hendrik and Gr, Peter},
    pages = {1--12}
}

@article{Botzem2017TuningQubits,
    title = {{Tuning methods for semiconductor spin qubits}},
    year = {2017},
    author = {Botzem, Tim and Shulman, Michael D and Foletti, Sandra and Harvey, Shannon P and Dial, Oliver E and Umansky, Vladimir and Schuh, Dieter and Bougeard, Dominique and Yacoby, Amir and Bluhm, Hendrik},
    pages = {1--11}
}